@book{latex,
    author = "Firuza Aibara",
    title = "LaTeX - Fundamental Research Group - IIT Bombay",
    year = "2016",
    url = "http: //www.it.iitb.ac.in/frg/wiki/index.php/LaTeX/",
    keywords = "physics"
}

@book{leslie,
    author    = "Leslie Lamport",
    title     = "\textit{Latex}",
    year      = "1994",
    publisher = "Addison-Wesley",
}
@book{helmut,
    author    = "Helmut Kopka and Patrick W Daly",
    title     = " A guide to latex",
    year      = "1995"
}

@book{michael,
    author    = " Michael Downes",
    title     = "\textit{Short math guide for LATEX}",
    publisher = "American Mathematical Society",
    year      = "2002"
}